@article{article,
    author  = "{Doe}, Jane",
    title   = "My Wonderful Phoebe Article",
    journal = "Phoebe Gazette f√ºr Studentische Forschung",
    year    = 2024,
    volume  = "1",
    number  = "1",
    pages   = "1-5"
}

@book{book,
    author    = {{Doe}, John},
    title     = {My New Bestseller},
    year      = {2024},
    publisher = {University Publishing}
}

@online{online,
    label   = {TUG},
    title   = {TeX Friendly Zone},
    url     = {https://www.tug.org},
    urldate = {2024-03-21}
}

@mastersthesis{mastersthesis,
    author  = "{Doe}, Jane",
    title   = "My Master Thesis",
    school  = "My University",
    year    = 2024,
    address = "My Home Town",
    month   = sep
}

@phdthesis{phdthesis,
    author  = "{Doe}, John",
    title   = "My Doctoral Thesis",
    school  = "My University",
    address = "My Home Town",
    year    = 2024,
    month   = jun
}

@misc{misc,
    title        = "Some Miscellaneous Stuff",
    author       = "{Phoebe}",
    howpublished = "\url{https://phoebe.pubpub.org}",
    year         = 2024,
    note         = "Accessed: 2023-07-06"
}

@unpublished{unpublished,
    author = "{Doe}, Jane",
    title  = "Some Yet To Be Published Stuff",
    year   = 2024
}
